@phdthesis{王洪锋2002雷达仿真平台的设计,
  title={雷达仿真平台的设计},
  author={王洪锋 and 鲁军 and 吕艳梅},
  year={2002}
}

@phdthesis{张敏2006通用雷达仿真系统模型的研究与探讨,
  title={通用雷达仿真系统模型的研究与探讨},
  author={张敏 and 张麟兮 and 刘宁},
  year={2006}
}

@phdthesis{李云冲2007雷达仿真系统的设计,
  title={雷达仿真系统的设计},
  author={李云冲 and 陈红林},
  year={2007}
}

